<?xml version="1.0" encoding="UTF-8"?><collection xmlns="http://www.loc.gov/MARC21/slim"><record><leader>00457nam--2200169-i-4500</leader><controlfield tag="001">000030512</controlfield><controlfield tag="002">20161230</controlfield><controlfield tag="005">20161230201038</controlfield><controlfield tag="008">060222s1000------------r-----000-0-eng-d</controlfield><datafield ind1=" " ind2=" " tag="040"><subfield code="a">IFIN-HH</subfield></datafield><datafield ind1=" " ind2=" " tag="080"><subfield code="a">539.172</subfield></datafield><datafield ind1="1" ind2=" " tag="100"><subfield code="a">Nyborg, P</subfield></datafield><datafield ind1="1" ind2="0" tag="245"><subfield code="a">Scatterplot presentation of three-particle final states</subfield><subfield code="c">P. nyborg, a.g. frodesen</subfield></datafield><datafield ind1=" " ind2=" " tag="260"><subfield code="a">Oslo</subfield><subfield code="b">University</subfield><subfield code="c">1970</subfield></datafield><datafield ind1=" " ind2=" " tag="300"><subfield code="a">22P. + ANEXE</subfield></datafield><datafield ind1=" " ind2=" " tag="852"><subfield code="a">35137</subfield><subfield code="c">539.17</subfield></datafield><datafield ind1=" " ind2=" " tag="CAT"><subfield code="a">Sys</subfield><subfield code="c">20120607</subfield><subfield code="h">143232</subfield></datafield></record></collection>